<record><leader>00000cas a22000007a 4500</leader><controlfield tag="001">19358625</controlfield><controlfield tag="008">890314d18441845pauwr ne      0    0eng d</controlfield><datafield ind1=" " ind2=" " tag="010"><subfield code="a">sn 89077176 </subfield></datafield><datafield ind1=" " ind2=" " tag="040"><subfield code="a">NPH</subfield><subfield code="b">eng</subfield><subfield code="c">NPH</subfield><subfield code="d">OCLCQ</subfield></datafield><datafield ind1=" " ind2=" " tag="042"><subfield code="a">msc</subfield></datafield><datafield ind1="0" ind2=" " tag="130"><subfield code="a">Examiner and herald (Lancaster, Pa. : 1844)</subfield></datafield><datafield ind1="1" ind2="0" tag="245"><subfield code="a">Examiner and herald.</subfield></datafield><datafield ind1="1" ind2="3" tag="246"><subfield code="a">Examiner &amp; Democratic herald</subfield></datafield><datafield ind1=" " ind2=" " tag="260"><subfield code="a">Lancaster, Pa. :</subfield><subfield code="b">Edward C. Darlington,</subfield><subfield code="c">1844-1845.</subfield></datafield><datafield ind1=" " ind2=" " tag="300"><subfield code="a">v. :</subfield><subfield code="b">ill. (chiefly advertisements)</subfield></datafield><datafield ind1=" " ind2=" " tag="310"><subfield code="a">Weekly</subfield></datafield><datafield ind1="0" ind2=" " tag="362"><subfield code="a">New ser. v. 6, no. 16 (Mar. 20, 1844)-v. 7, no. 48 (Oct. 29,1845).</subfield></datafield><datafield ind1=" " ind2=" " tag="500"><subfield code="a">Supplements accompany some issues.</subfield></datafield><datafield ind1=" " ind2=" " tag="580"><subfield code="a">Campaign ed.: Mill boy (Lancaster, Pa.).</subfield></datafield><datafield ind1=" " ind2=" " tag="752"><subfield code="a">United States</subfield><subfield code="b">Pennsylvania</subfield><subfield code="c">Lancaster</subfield><subfield code="d">Lancaster.</subfield></datafield><datafield ind1="1" ind2=" " tag="775"><subfield code="t">Mill boy (Lancaster, Pa.)</subfield><subfield code="w">(DLC)sn 86081642</subfield></datafield><datafield ind1="0" ind2="0" tag="780"><subfield code="t">Lancaster examiner &amp; Democratic herald</subfield><subfield code="w">(DLC)sn 86053666</subfield></datafield><datafield ind1="0" ind2="0" tag="785"><subfield code="t">Lancaster examiner and herald</subfield><subfield code="w">(DLC)sn 85038427</subfield></datafield></record>